%% This BibTeX bibliography file was created using BibDesk.
%% http://bibdesk.sourceforge.net/

%% Created for Niklas Sauer at 2018-06-22 11:15:23 +0200 


%% Saved with string encoding Unicode (UTF-8) 



@webpage{macbookproSpecifications,
	Date-Added = {2018-06-22 09:14:45 +0000},
	Date-Modified = {2018-06-22 09:15:19 +0000},
	Lastchecked = {06/22/18},
	Month = {June},
	Url = {https://support.apple.com/kb/SP719?viewlocale=en_US&locale=de_DE},
	Year = {2018}}

@webpage{einwegUmweltbelastung,
	Date-Added = {2018-06-21 12:31:41 +0000},
	Date-Modified = {2018-06-21 12:32:07 +0000},
	Lastchecked = {06/21/18},
	Url = {https://www.duh.de/mehrweg-klimaschutz0/einweg-plastikflaschen/},
	Bdsk-Url-1 = {https://www.duh.de/mehrweg-klimaschutz0/einweg-plastikflaschen/}}

@book{mehrwegSystem,
	Date-Added = {2018-06-19 13:45:18 +0000},
	Date-Modified = {2018-06-19 13:45:47 +0000},
	Publisher = {PWC},
	Title = {Mehrweg- und Recyclingsystem f{\"u}r ausgew{\"a}hlte Getr{\"a}nkeverpackungen aus Nachhaltigkeitssicht},
	Year = {2011}}

@book{umweltBundesamt,
	Date-Added = {2018-06-19 13:44:29 +0000},
	Date-Modified = {2018-06-19 13:45:03 +0000},
	Publisher = {Umwelt Bundesamt},
	Title = {Abf{\"u}llung von Getr{\"a}nken in Mehrweg- und {\"o}kologisch vorteilhaften Einweggetr{\"a}nkeverpackungen},
	Year = {2014}}

@book{verpackV,
	Date-Added = {2018-06-19 13:44:06 +0000},
	Date-Modified = {2018-06-19 13:44:24 +0000},
	Title = {VerpackV},
	Year = {2001}}
